<?xml version="1.0" encoding="UTF-8"?><collection><record><leader>07541ntm a2200601 a 4500</leader><controlfield tag="001">006766375</controlfield><controlfield tag="003">MiAaHDL</controlfield><controlfield tag="005">20190719000000.0</controlfield><controlfield tag="006">m        d        </controlfield><controlfield tag="007">cr bn ---auaua</controlfield><controlfield tag="008">090428s15uu    xx            00| ||ara d</controlfield><datafield tag="035" ind1=" " ind2=" "><subfield code="a">(MiU)006766375</subfield></datafield><datafield tag="035" ind1=" " ind2=" "><subfield code="a">sdr-miu006766375</subfield></datafield><datafield tag="040" ind1=" " ind2=" "><subfield code="a">MiU</subfield><subfield code="c">MiU</subfield><subfield code="e">amremm</subfield></datafield><datafield tag="043" ind1=" " ind2=" "><subfield code="a">n-us-mi</subfield></datafield><datafield tag="100" ind1="1" ind2=" "><subfield code="6">880-01</subfield><subfield code="a">Quṭb al-Taḥtānī, Muḥammad ibn Muḥammad,</subfield><subfield code="d">1294 or 1295-1364 or 1365.</subfield></datafield><datafield tag="240" ind1="1" ind2="0"><subfield code="6">880-02</subfield><subfield code="a">Sharḥ Shamsīyah</subfield></datafield><datafield tag="245" ind1="1" ind2="0"><subfield code="6">880-03</subfield><subfield code="a">Taḥrīr al-qawāʻid al-manṭiqīyah fī sharḥ al-Risālah al-shamsīyah,</subfield><subfield code="f">[16th century].</subfield></datafield><datafield tag="246" ind1="3" ind2=" "><subfield code="i">Title from inscription on spine label:</subfield><subfield code="a">شرح شمسية</subfield></datafield><datafield tag="246" ind1="3" ind2=" "><subfield code="i">Title from illuminated headpiece at opening (p.2):</subfield><subfield code="a">كتاب شرح قطب الدين</subfield></datafield><datafield tag="246" ind1="3" ind2=" "><subfield code="i">Title from inscription on 'title page' (p.1):</subfield><subfield code="a">شرح قطب الدين</subfield></datafield><datafield tag="246" ind1="3" ind2=" "><subfield code="i">Title from inscription on 'title page' (p.1):</subfield><subfield code="a">كتاب شرح قطب الدين للعلامة الشيرازي</subfield></datafield><datafield tag="260" ind1=" " ind2=" "><subfield code="c">[15--].</subfield></datafield><datafield tag="300" ind1=" " ind2=" "><subfield code="a">45 leaves :</subfield><subfield code="b">paper ;</subfield><subfield code="c">183 x 113 (123 x 63) mm. bound to 183 x 115 mm.</subfield></datafield><datafield tag="500" ind1=" " ind2=" "><subfield code="a">Shelfmark: Ann Arbor, University of Michigan, Special Collections Library, Isl. Ms. 113</subfield></datafield><datafield tag="500" ind1=" " ind2=" "><subfield code="a">Origin: Lacks dated colophon ; paper suggests 16th century.</subfield></datafield><datafield tag="500" ind1=" " ind2=" "><subfield code="a">Accompanying materials: Scrap paginated pp.41-42.</subfield></datafield><datafield tag="500" ind1=" " ind2=" "><subfield code="a">Former shelfmark: British Museum, London "No. 157. Commentary on al-Risalat al-shamsiyah."</subfield></datafield><datafield tag="500" ind1=" " ind2=" "><subfield code="a">Binding: Pasteboards covered in dark red leather ; Type II binding (with flap) ; doublures in dark green leather ; upper and lower covers bear large blind-stamped and gold-painted mandorla (compare Déroche class. OAi 4), pendants and corner pieces with floral vegetal composition, accompanied by gold-painted border of tooled fillets framing a narrow roll in a series of s-shaped stamps ; design continues on envelope flap ; doublures and interior of envelope flap carry simple tooled and gold-painted ornaments in interlace accompanied by border in tooled and gold-painted fillets ; sewn in lime green thread, two stations ; endbands lost ; overall in quite poor condition with abrasion, staining, some lifting and losses of leather, severe delamination of boards, pest damage, traces of adhesive on doublures and interior of envelope flap, envelope flap almost fully detached, etc. ; housed in envelope for protection.</subfield></datafield><datafield tag="500" ind1=" " ind2=" "><subfield code="a">Support: European laid paper with 10-11 laid lines per cm. (vertical) and chain lines spaced roughly 39 mm. apart (horizontal) ; hand/glove watermark with six leaves/six-pointed star above (compare Heawood 2482) ; lightly burnished ; staining and tearing.</subfield></datafield><datafield tag="500" ind1=" " ind2=" "><subfield code="a">Decoration: Elegant illuminated headpiece (ʻunwān) at opening (p.2) consisting of rectangular piece surmounted by semi-circular piece (dome) ; rectangular piece bears central cartouche in gold carrying title of work "كتاب شرح قطب الدين" in white (now somewhat oxidized), surrounded by floral vegetal design in shades of gold, pink, white, blue, etc. on fields of blue (lapis lazuli/cobalt) and gold ; entire rectangular piece is surrounded by frame with white crosses on a band of blue flanked by gold fillets ; semi-circular piece continues design found in rectangular piece and is surmounted by vertical stalks (tīgh) in blue ; written area of incipit and facing page surrounded by simple frame consisting of a two gold bands outlined by black fillets, thereafter (through p.20) written area surrounded by red rule-border ; keywords and abbreviations rubricated ; textual dividers in the form of inverted commas in red.</subfield></datafield><datafield tag="500" ind1=" " ind2=" "><subfield code="a">Script: Naskh ; fine Ottoman hand ; mainly serifless, with occasional head serifs appearing irregularly ; slight effect of tilt to the left ; many open counters ; rightward descenders fairly flat and tapered ; kāf mashkūlah (mashqūqah) preferred ; text of incipit and facing page extensively vocalized.</subfield></datafield><datafield tag="500" ind1=" " ind2=" "><subfield code="a">Layout: Written in 17 lines per page ; frame-ruled (impression of ruling board evident).</subfield></datafield><datafield tag="500" ind1=" " ind2=" "><subfield code="a">Collation: V-1 (9), 2 V(29), 2 IV(45) ; what appears to be an anomalous quinion followed by two quinions and two quaternions ; final leaf left blank ; catchwords present ; pagination in pencil, Western numerals, supplied during digitization (includes insert).</subfield></datafield><datafield tag="500" ind1=" " ind2=" "><subfield code="a">Explicit: "او كان هناك قرينة دالة على المراد جاز استعمالها تمت بعون الله وحسن توفيقه تم"</subfield></datafield><datafield tag="500" ind1=" " ind2=" "><subfield code="a">Incipit: "ان ابهى درر تنظم ببنان البيان وازهر زهر تنثر في اردان الاذهان ... وبعد فقد طال إلحاح المشتغلين على المترددين الي ان اشرح لهم الرسالة الشمسية وابين فيه القواعد المنطقية ... فوجهت ركاب النظر الى مقاصد مسائلها ... وسميت [كذا] بتحرير القواعد المنطقية في شرح الرسالة الشمسية ..."</subfield></datafield><datafield tag="500" ind1=" " ind2=" "><subfield code="a">Title from opening on p.3.</subfield></datafield><datafield tag="500" ind1=" " ind2=" "><subfield code="a">Ms. codex.</subfield></datafield><datafield tag="510" ind1="4" ind2=" "><subfield code="a">Brockelmann, C. GAL,</subfield><subfield code="c">I, 466</subfield></datafield><datafield tag="520" ind1="8" ind2=" "><subfield code="a">Elegant copy of the popular commentary by Quṭb al-Dīn Muḥammad ibn Muḥammad al-Rāzī (al-Quṭb al-Taḥtānī) on Najm al-Dīn ʻAlī ibn ʻUmar al-Kātibī al-Qazwīnī's renowned treatise on logic.</subfield></datafield><datafield tag="538" ind1=" " ind2=" "><subfield code="a">Mode of access: Internet.</subfield></datafield><datafield tag="541" ind1=" " ind2=" "><subfield code="c">Purchase ;</subfield><subfield code="a">Acquired by purchase along with Abdul Hamid Collection (funds donated by Horace Rackham).</subfield><subfield code="d">1924.</subfield></datafield><datafield tag="546" ind1=" " ind2=" "><subfield code="a">Arabic.</subfield></datafield><datafield tag="561" ind1=" " ind2=" "><subfield code="a">Bookplate of British Museum, London on interior of upper cover, "British Museum, London. No.157. Commentary on al-Risalat al-shamsiyah." ; circular seal impression with figure of goat/gazelle in purple ink as well as inscription "433" in Western numerals on 'title page' (p.1) ; almond shaped seal impression on 'title page' (p.1) and at close on p.89 ; on 'title page' (p.1) traces of the blue-tinted paper often carrying the detailed waqf statement in the name of al-Sayyid ʻAbd Allāh Adīb (Abdullah Edip), known as Jannatʹzādah (Cennet-zade), qāḍī of Erzurum, with inscription "وقف جنت زاده" appearing on p.80 ; also on 'title page' (p.1) ownership statement in name of Jannat’zādah, al-Sayyid Ismāʻīl Muḥyī ibn Muḥammad Rāghib (Cennetzade İsmail Muhyi bin Mehmet Ragıp) reads, "قد نقل في الارث الشرعي الى ملكي وانا الفقير الى الملك القدير اسمعيل محيي الشهير بجنت زاده بن محمد راغب المفتي بمدينة ارضروم ..." ; extensive marginal and interlinear glosses and corrections, often decoratively arranged in curves, geometric shapes and sword or cypress tree (see p.32, p.47, etc.).</subfield></datafield><datafield tag="600" ind1="1" ind2="0"><subfield code="a">Qazwīnī, ʻAlī ibn ʻUmar,</subfield><subfield code="d">1203 or 4-1276 or 7.</subfield><subfield code="t">Risālah al-Shamsīyah.</subfield></datafield><datafield tag="650" ind1=" " ind2="0"><subfield code="a">Manuscripts, Arabic</subfield><subfield code="z">Michigan</subfield><subfield code="z">Ann Arbor.</subfield></datafield><datafield tag="650" ind1=" " ind2="0"><subfield code="a">Logic</subfield><subfield code="v">Early works to 1800.</subfield></datafield><datafield tag="655" ind1=" " ind2="7"><subfield code="a">Headpieces (layout features)</subfield><subfield code="y">18th century.</subfield><subfield code="2">aat</subfield></datafield><datafield tag="700" ind1="0" ind2=" "><subfield code="6">880-05</subfield><subfield code="a">Cennetzade İsmail Muyhi bin Mehmet Ragıp,</subfield><subfield code="d">fl. 1817 or 8,</subfield><subfield code="e">former owner.</subfield></datafield><datafield tag="773" ind1="0" ind2=" "><subfield code="a">Tiflis Collection.</subfield></datafield><datafield tag="880" ind1="0" ind2=" "><subfield code="6">700-05/</subfield><subfield code="a">جنت زاده اسماعيل محيى بن محمد راغب،</subfield><subfield code="e">مالك سابق.</subfield></datafield><datafield tag="880" ind1="1" ind2="0"><subfield code="6">245-03/</subfield><subfield code="a">تحرير القواعد المنطقية في شرح الرسالة الشمسية,</subfield><subfield code="f">[القرن 16م].</subfield></datafield><datafield tag="880" ind1="1" ind2="0"><subfield code="6">240-02/</subfield><subfield code="a">شرح شمسية</subfield></datafield><datafield tag="880" ind1="1" ind2=" "><subfield code="6">100-01/</subfield><subfield code="a">قطب التحتاني، محمد بن محمد.</subfield></datafield><datafield tag="CID" ind1=" " ind2=" "><subfield code="a">006766375</subfield></datafield><datafield tag="DAT" ind1="0" ind2=" "><subfield code="a">20190719102634.0</subfield><subfield code="b">20190719000000.0</subfield></datafield><datafield tag="DAT" ind1="1" ind2=" "><subfield code="a">20190719090653.0</subfield><subfield code="b">2019-07-19T16:11:02Z</subfield></datafield><datafield tag="DAT" ind1="2" ind2=" "><subfield code="a">2015-10-10T18:00:06Z</subfield></datafield><datafield tag="CAT" ind1=" " ind2=" "><subfield code="a">SDR-MIU</subfield><subfield code="d">EX LIBRIS - ALEPH</subfield><subfield code="l">prepare.pl-004-008</subfield></datafield><datafield tag="FMT" ind1=" " ind2=" "><subfield code="a">BK</subfield></datafield><datafield tag="HOL" ind1=" " ind2=" "><subfield code="0">sdr-miu006766375</subfield><subfield code="a">MiU</subfield><subfield code="b">SDR</subfield><subfield code="c">MIU</subfield><subfield code="p">mdp.39015079125442</subfield><subfield code="s">MIU</subfield><subfield code="1">006766375</subfield></datafield><datafield tag="974" ind1=" " ind2=" "><subfield code="b">MIU</subfield><subfield code="c">MIU</subfield><subfield code="d">20190719</subfield><subfield code="s">lit-dlps-dc</subfield><subfield code="u">mdp.39015079125442</subfield><subfield code="y">1599</subfield><subfield code="r">pd</subfield><subfield code="q">bib</subfield><subfield code="t">non-US bib date1 &lt; 1896</subfield></datafield></record></collection>